@inproceedings{ABF+,
  author={Yasemin Acar
    and Michael Backes
    and Sascha Fahl
    and Simson Garfinkel
    and Doowon Kim
    and Michelle L. Mazurek
    and Christian Stransky},
  booktitle={2017 IEEE Symposium on Security and Privacy (SP)},
  title={Comparing the Usability of Cryptographic {API}s},
  year={2017},
  pages={154--171},
  publisher={IEEE},
}

% EC 2010
@inproceedings{acar2010cryptographic,
  author = {Acar, Tolga and Belenkiy, Mira and Bellare, Mihir and Cash,
  David},
  title = {Cryptographic Agility and Its Relation to Circular Encryption},
  booktitle = {Proceedings of the 29th Annual International Conference on
  Theory and Applications of Cryptographic Techniques},
  year = {2010},
  pages = {403--422},
  publisher = {Springer-Verlag},
}

% AC 2009
@inproceedings{BBN+,
  author="Bellare, Mihir
    and Brakerski, Zvika
    and Naor, Moni
    and Ristenpart, Thomas
    and Segev, Gil
    and Shacham, Hovav
    and Yilek, Scott",
  title="Hedged Public-Key Encryption: How to Protect against Bad Randomness",
  bookTitle="Advances in Cryptology -- ASIACRYPT 2009: 15th International
    Conference on the Theory and Application of Cryptology and Information
    Security, Tokyo, Japan, December 6-10, 2009. Proceedings",
  year="2009",
  pages="232--249",
  publisher = {Springer-Verlag},
}

% C 2007
@inproceedings{BBO07,
  author = {Bellare, Mihir and Boldyreva, Alexandra and O'Neill, Adam},
  title = {Deterministic and Efficiently Searchable Encryption},
  booktitle = {Proceedings of the 27th Annual International Cryptology
  Conference on Advances in Cryptology},
  year = {2007},
  pages = {535--552},
  publisher="Springer Berlin Heidelberg",
}

% EC 2012
@inproceedings{BDPS12,
  author = {Boldyreva, Alexandra and Degabriele, Jean Paul and Paterson,
  Kenneth G. and Stam, Martijn},
  title = {Security of Symmetric Encryption in the Presence of Ciphertext
  Fragmentation},
  booktitle = {Proceedings of the 31st Annual International Conference on
  Theory and Applications of Cryptographic Techniques},
  year = {2012},
  pages = {682--699},
  publisher = {Springer-Verlag},
}

% FSE 2014
@inproceedings{BDPS13,
  author="Boldyreva, Alexandra
    and Degabriele, Jean Paul
    and Paterson, Kenneth G.
    and Stam, Martijn",
  title="On Symmetric Encryption with Distinguishable Decryption Failures",
  bookTitle="Fast Software Encryption: 20th International Workshop, FSE 2013,
  Singapore, March 11-13, 2013. Revised Selected Papers",
  year="2014",
  publisher="Springer Berlin Heidelberg",
  pages="367--390",
}

% C 2014
@inproceedings{bhargavan2014proving,
  author="Bhargavan, Karthikeyan
    and Fournet, C{\'e}dric
    and Kohlweiss, Markulf
    and Pironti, Alfredo
    and Strub, Pierre-Yves
    and Zanella-B{\'e}guelin, Santiago",
  title="Proving the TLS Handshake Secure (As It Is)",
  bookTitle="Advances in Cryptology -- CRYPTO 2014: 34th Annual Cryptology
    Conference, Santa Barbara, CA, USA, August 17-21, 2014, Proceedings, Part
    II",
  year="2014",
  publisher="Springer Berlin Heidelberg",
  pages="235--255",
}

% CCS 2005
@inproceedings{BH05,
  author = {Barak, Boaz and Halevi, Shai},
  title = {A Model and Architecture for Pseudo-random Generation with
  Applications to {\tt/dev/random}},
  booktitle = {Proceedings of the 12th ACM Conference on Computer and
  Communications Security},
  year = {2005},
  pages = {203--212},
  publisher = {ACM},
}

% AC 2000
@inproceedings{BN,
    author="Bellare, Mihir
      and Namprempre, Chanathip",
    title="Authenticated Encryption: Relations among Notions and Analysis of the
      Generic Composition Paradigm",
    bookTitle="Advances in Cryptology --- ASIACRYPT 2000: 6th International
      Conference on the Theory and Application of Cryptology and Information
      Security Kyoto, Japan, December 3--7, 2000 Proceedings",
    year="2000",
    publisher="Springer Berlin Heidelberg",
}

% C 1993
@inproceedings{BR93,
  author = {Bellare, Mihir and Rogaway, Phillip},
  title = {Entity Authentication and Key Distribution},
  booktitle = {Proceedings of the 13th Annual International Cryptology
  Conference on Advances in Cryptology},
  year = {1993},
  pages = {232--249},
  publisher = {Springer-Verlag New York, Inc.},
}

% C 2017
@inproceedings{BPS,
  author="Boldyreva, Alexandra
    and Patton, Christopher
    and Shrimpton, Thomas",
  title="Hedging Public-Key Encryption in the Real World",
  bookTitle="Advances in Cryptology -- CRYPTO 2017: 37th Annual International
    Cryptology Conference, Santa Barbara, CA, USA, August 20--24, 2017,
    Proceedings, Part III",
  year="2017",
  pages="462--494",
  publisher={Springer-Verlag},
}

% C 2015
@inproceedings{BH15,
  author="Bellare, Mihir
    and Hoang, Viet Tung",
  title="Resisting Randomness Subversion: Fast Deterministic and Hedged
    Public-Key Encryption in the Standard Model",
  bookTitle="Advances in Cryptology - EUROCRYPT 2015: 34th Annual International
    Conference on the Theory and Applications of Cryptographic Techniques,
  Sofia, Bulgaria, April 26-30, 2015, Proceedings, Part II",
  year="2015",
  publisher="Springer Berlin Heidelberg",
  pages="627--656",
}

% CCS 2015
@inproceedings{Cash15,
  author = {Cash, David and Grubbs, Paul and Perry, Jason and Ristenpart,
  Thomas},
  title = {Leakage-Abuse Attacks Against Searchable Encryption},
  booktitle = {Proceedings of the 22Nd ACM SIGSAC Conference on Computer and
  Communications Security},
  year = {2015},
  pages = {668--679},
  publisher = {ACM},
}

% C 2013
@inproceedings{CJJ+13,
  author="Cash, David
    and Jarecki, Stanislaw
    and Jutla, Charanjit
    and Krawczyk, Hugo
    and Ro{\c{s}}u, Marcel-C{\u{a}}t{\u{a}}lin
    and Steiner, Michael",
  title="Highly-Scalable Searchable Symmetric Encryption with Support for
    Boolean Queries",
  bookTitle="Advances in Cryptology -- CRYPTO 2013: 33rd Annual Cryptology
    Conference, Santa Barbara, CA, USA, August 18-22, 2013. Proceedings, Part
    I",
  year="2013",
  publisher="Springer Berlin Heidelberg",
  pages="353--373",
}

% CCS 2017
@inproceedings{CNS+17,
  author = {Chhotaray, Animesh and Nahiyan, Adib and Shrimpton, Thomas and
    Forte, Domenic and Tehranipoor, Mark},
  title = {Standardizing Bad Cryptographic Practice: {A} Teardown of the {IEEE
    P1735} Standard for Protecting Electronic-design Intellectual Property},
  booktitle = {Proceedings of the 2017 ACM SIGSAC Conference on Computer and
    Communications Security},
  year = {2017},
  pages = {1533--1546},
  publisher = {ACM},
}


% TODO In Financial crypto 2017: can't find the proceeding online!
@inproceedings{dodis2017unilateral,
  author = {Yevgeniy Dodis and Dario Fiore},
  title = {Unilaterally-Authenticated Key Exchange},
  year = {2017},
  booktitle={Proceedings of the 21st International Conference on Financial
    Cryptography and Data Security.},
}

% CCS 2013
@inproceedings{DPR+13,
  author = {Dodis, Yevgeniy and Pointcheval, David and Ruhault, Sylvain and
  Vergniaud, Damien and Wichs, Daniel},
  title = {Security Analysis of Pseudo-random Number Generators with Input:
  {\tt/dev/random} is Not Robust},
  booktitle = {Proceedings of the 2013 ACM SIGSAC Conference on
  Computer and Communications Security},
  year = {2013},
  pages={647--658},
  publisher={ACM},
}

% CCS 2012
@inproceedings{FHM+12,
  author = {Baumg\"{a}rtner, Lars and Freisleben, Bernd and Smith, Matthew},
  title = {Why {E}ve and {M}allory Love Android: {A}n Analysis of Android {SSL}
  (in)Security},
  booktitle = {Proceedings of the 2012 ACM Conference on Computer and
  Communications Security},
  year = {2012},
  pages = {50--61},
  publisher = {ACM},
}

% HotOS 2017
@inproceedings{GRS17,
  author = {Grubbs, Paul and Ristenpart, Thomas and Shmatikov, Vitaly},
  title = {Why Your Encrypted Database Is Not Secure},
  booktitle = {Proceedings of the 16th Workshop on Hot Topics in Operating
  Systems},
  year = {2017},
  pages = {162--168},
  publisher = {ACM},
}

% SP 2017
@INPROCEEDINGS{GSB+17,
  author={P. Grubbs and K. Sekniqi and V. Bindschaedler and M. Naveed and T.
    Ristenpart},
  booktitle={2017 IEEE Symposium on Security and Privacy (SP)},
  title={Leakage-Abuse Attacks against Order-Revealing Encryption},
  year={2017},
  pages={655--672},
  publisher={IEEE},
}

% SP 2017
@inproceedings{HHL+17,
   author={P. Holzinger and B. Hermann and J. Lerch and E. Bodden and M.
     Mezini},
   booktitle={2017 IEEE Symposium on Security and Privacy (SP)},
   title={Hardening Java's Access Control by Abolishing Implicit
     Privilege Elevation},
   year={2017},
   pages={1027--1040},
   publisher={IEEE},
}

% EC 2015
@inproceedings{HKR15,
  author="Hoang, Viet Tung
    and Krovetz, Ted
    and Rogaway, Phillip",
  title="Robust Authenticated-Encryption: {AEZ} and the Problem That It Solves",
  bookTitle="Advances in Cryptology -- EUROCRYPT 2015: 34th Annual International
    Conference on the Theory and Applications of Cryptographic Techniques,
    Sofia, Bulgaria, April 26-30, 2015, Proceedings, Part I",
  year="2015",
  publisher="Springer Berlin Heidelberg",
  pages="15--44",
}

@inproceedings{IKND16,
  author = {Indela, Soumya and Kulkarni, Mukul and Nayak, Kartik and
  Dumitra\c{s}, Tudor},
  title = {Helping Johnny Encrypt: Toward Semantic Interfaces for
  Cryptographic Frameworks},
  booktitle = {Proceedings of the 2016 ACM International Symposium on New
  Ideas, New Paradigms, and Reflections on Programming and Software},
  year = {2016},
  pages = {180--196},
  publisher = {ACM},
}

% CCS 2016
@inproceedings{krawczyk2016unilateral-to-mutual,
  author = {Krawczyk, Hugo},
  title = {A Unilateral-to-Mutual Authentication Compiler for Key Exchange
  (with Applications to Client Authentication in {TLS} 1.3)},
  booktitle = {Proceedings of the 2016 ACM SIGSAC Conference on Computer
  and Communications Security},
  year = {2016},
  pages = {1438--1450},
  publisher = {ACM},
}

% STM 2013
@inproceedings{KS13,
  author="K{\"u}nnemann, Robert
    and Steel, Graham",
  title="{YubiSecure}? {F}ormal Security Analysis Results for the {YubiKey} and
  {YubiHSM}",
  bookTitle="Security and Trust Management: 8th International Workshop, STM
    2012, Pisa, Italy, September 13-14, 2012, Revised Selected Papers",
  year="2013",
  publisher="Springer Berlin Heidelberg",
  pages="257--272",
}

% CCS 2016
@inproceedings{KW16,
  author = {Lewi, Kevin and Wu, David J.},
  title = {Order-Revealing Encryption: New Constructions, Applications, and
  Lower Bounds},
  booktitle = {Proceedings of the 2016 ACM SIGSAC Conference on Computer
  and Communications Security},
  year = {2016},
  pages = {1167--1178},
  publisher = {ACM},
}

% CCS 2015
@inproceedings{NKW15,
  author = {Naveed, Muhammad and Kamara, Seny and Wright, Charles V.},
  title = {Inference Attacks on Property-Preserving Encrypted Databases},
  booktitle = {Proceedings of the 22Nd ACM SIGSAC Conference on Computer and
  Communications Security},
  series = {CCS '15},
  year = {2015},
  pages = {644--655},
  publisher = {ACM},
}

% EC 2014
@inproceedings{NRS,
  author="Namprempre, Chanathip
    and Rogaway, Phillip
    and Shrimpton, Thomas",
  title="Reconsidering Generic Composition",
  bookTitle="Advances in Cryptology -- EUROCRYPT 2014: 33rd Annual International
    Conference on the Theory and Applications of Cryptographic Techniques,
  Copenhagen, Denmark, May 11-15, 2014. Proceedings",
  year="2014",
  publisher="Springer Berlin Heidelberg",
  pages="257--274",
}

@misc{pkcs11,
  shorthand={PKCS11},
  editor={Susan Gleeson and Chris Zimman and Robert Griffin and Tim Hudson},
  title={{PKCS \#11} Cryptographic Token Interface Base Specification Version
    2.40 Plus Errata 01},
  year={2016},
  note={\url{http://docs.oasis-open.org/pkcs11/pkcs11-base/v2.40/pkcs11-base-v2.40.html}},
}

% FSE 2004
@inproceedings{Rog04,
    author="Rogaway, Phillip",
    title="Nonce-Based Symmetric Encryption",
    bookTitle="Fast Software Encryption: 11th International Workshop, FSE 2004,
    Delhi, India, February 5-7, 2004. Revised Papers",
    year="2004",
    publisher="Springer Berlin Heidelberg",
    pages="348--358",
}

% EC 2006
@inproceedings{RS06,
  author="Rogaway, Phillip
    and Shrimpton, Thomas",
  title="A Provable-Security Treatment of the Key-Wrap Problem",
  bookTitle="Advances in Cryptology - EUROCRYPT 2006: 24th Annual International
    Conference on the Theory and Applications of Cryptographic Techniques, St.
    Petersburg, Russia, May 28 - June 1, 2006. Proceedings",
  year="2006",
  publisher="Springer Berlin Heidelberg",
  pages="373--390",
}

% C 2016
@inproceedings{SSW,
  author="Shrimpton, Thomas
    and Stam, Martijn
    and Warinschi, Bogdan",
  title="A Modular Treatment of Cryptographic {APIs}: The Symmetric-Key Case",
  bookTitle="Advances in Cryptology -- CRYPTO 2016: 36th Annual International
    Cryptology Conference, Santa Barbara, CA, USA, August 14-18, 2016,
  Proceedings, Part I",
  year="2016",
  pages="277--307",
}

% EC 2015
@inproceedings{ST15,
  author="Shrimpton, Thomas
    and Terashima, R. Seth",
  title="A Provable-Security Analysis of {Intel's Secure Key RNG}",
  bookTitle="Advances in Cryptology -- EUROCRYPT 2015: 34th Annual International
    Conference on the Theory and Applications of Cryptographic Techniques,
    Sofia, Bulgaria, April 26-30, 2015, Proceedings, Part I",
  year="2015",
  publisher="Springer Berlin Heidelberg",
  pages="77--100",
}

% ProvSec 2015
@inproceedings{BMM+15,
  author={Christian Badertscher and Christian Matt and Ueli Maurer and Phillip
    Rogaway and Bj\"orn Tackmann},
  title={Augmented Secure Channels and the Goal of the {TLS} 1.3 Record Layer},
  year={2015},
  publisher={Springer-Verlag},
  pages={85--104},
  booktitle={9th International Conference, ProvSec 2015, Kanazawa, Japan,
    November 24-26, 2015, Proceedings},
}

% C 2014
@inproceedings{BNF+14,
  author={Karthikeyan Bhargavan and C\`edric Fournet and Markulf Kohlweiss and
    Alfredo Pironti and Pierre-Yves Strub and Santiago Zanella-B\`eguelin},
  title={Proving the {TLS} Handshake Secure (as it is)},
  year={2014},
  publisher="Springer Berlin Heidelberg",
  pages="235--255",
  bookTitle="Advances in Cryptology -- CRYPTO 2014: 34th Annual Cryptology
    Conference, Santa Barbara, CA, USA, August 17-21, 2014, Proceedings, Part
    II",
}

% C 2015
@inproceedings{FPMG15,
  author={Marc Fischlin and Felix G\"unther and Giorgia Azzurra Marson and
    Kenneth Paterson},
  title={Data Is a Stream: {S}ecurity of Stream-Based Channels},
  bookTitle="Advances in Cryptology -- CRYPTO 2015: 35th Annual Cryptology
    Conference, Santa Barbara, CA, USA, August 16-20, 2015, Proceedings, Part
    II",
  year="2015",
  publisher="Springer Berlin Heidelberg",
  pages="545--564",
}

% C 2015
@inproceedings{HRRV15,
  author="Hoang, Viet Tung
    and Reyhanitabar, Reza
    and Rogaway, Phillip
    and Viz{\'a}r, Damian",
  title="Online Authenticated-Encryption and its Nonce-Reuse Misuse-Resistance",
  bookTitle="Advances in Cryptology -- CRYPTO 2015: 35th Annual Cryptology
    Conference, Santa Barbara, CA, USA, August 16-20, 2015, Proceedings, Part
    I",
  year="2015",
  publisher="Springer Berlin Heidelberg",
  pages="493--517",
}

% SP 2009
@inproceedings{APW09,
  author = {Albrecht, Martin R. and Paterson, Kenneth G. and Watson, Gaven J.},
  title = {Plaintext Recovery Attacks Against {SSH}},
  year = {2009},
  booktitle = {Proceedings of the 2009 30th IEEE Symposium on Security and
    Privacy},
  pages = {16--26},
  publisher = {IEEE},
}

% SP 2013
@inproceedings{BFK+13,
  author = {Bhargavan, Karthikeyan and Fournet, Cedric and Kohlweiss, Markulf
  and Pironti, Alfredo and Strub, Pierre-Yves},
  title = {Implementing {TLS} with Verified Cryptographic Security},
  year = {2013},
  booktitle = {Proceedings of the 2013 IEEE Symposium on Security and Privacy},
  pages = {445--459},
  publisher = {IEEE},
}

% SP 2017
@inproceedings{DLFK+17,
  author={A. Delignat-Lavaud and C. Fournet and M. Kohlweiss and J. Protzenko
    and A. Rastogi and N. Swamy and S. Zanella-Beguelin and K. Bhargavan and J.
      Pan and J. K. Zinzindohoue},
  title={Implementing and Proving the {TLS} 1.3 Record Layer},
  year={2017},
  booktitle={2017 IEEE Symposium on Security and Privacy (SP)},
  pages={463-482},
  publisher={IEEE},
}

@article{BKN02,
  author = {Bellare, Mihir and Kohno, Tadayoshi and Namprempre, Chanathip},
  title = {Breaking and Provably Repairing the {SSH} Authenticated Encryption
  Scheme: A {C}ase Study of the Encode-then-Encrypt-and-{MAC} Paradigm},
  journal = {ACM Trans. Inf. Syst. Secur.},
  volume = {7},
  number = {2},
  year = {2004},
  pages = {206--241},
  publisher = {ACM},
}

@article{DPW11,
    author={J. P. Degabriele and K. Paterson and G. Watson},
    journal={IEEE Security \& Privacy},
    title={Provable Security in the Real World},
    year={2011},
    volume={9},
    number={3},
    pages={33--41},
}

% AC 2011
@inproceedings{PRS11,
  author={Kenneth G. Paterson and Thomas Ristenpart and Thomas Shrimpton},
  title={Tag Size \textit{does} Matter: {A}ttacks and Proofs for the {TLS} Record
    Protocol},
  year={2011},
  bookTitle="Advances in Cryptology -- ASIACRYPT 2011: 17th International
    Conference on the Theory and Application of Cryptology and Information
    Security, Seoul, South Korea, December 4-8, 2011. Proceedings",
  publisher="Springer Berlin Heidelberg",
  pages="372--389",
}

% CSF 2009
@inproceedings{RS09,
  author={Phillip Rogaway and Till Stegers},
  title={Authentication without Elision},
  year={2009},
  booktitle = {Proceedings of the 2009 22Nd IEEE Computer Security Foundations
   Symposium},
  pages = {26--39},
  publisher = {IEEE},
}

% EC 2002
@inproceedings{Vau02,
  author={Serge Vaudenay},
  title={Security flaws induced by {CBC} padding -- applications to {SSL},
    {IPSEC}, {WTLS}...},
  year={2002},
  booktitle = {Proceedings of the International Conference on the Theory and
  Applications of Cryptographic Techniques: Advances in Cryptology},
  pages = {534--546},
  publisher = {Springer-Verlag},
}

@techreport{RFC7918,
  author = {A. Langley and N. Modadugu and B. Moeller},
  title = {Transport Layer Security (TLS) False Start},
  howpublished = {Internet Requests for Comments},
  type = {RFC},
  number = {7918},
  year = {2016},
  month = {August},
  issn = {2070-1721},
  publisher = {RFC Editor},
  institution = {RFC Editor},
}

@article{BCS-journal09,
	Author = {John Black and Martin Cochran and Thomas Shrimpton},
	Journal = {J. Cryptology},
	Number = {3},
	Pages = {311--329},
	Title = {On the Impossibility of Highly-Efficient Blockcipher-Based Hash Functions},
	Volume = {22},
	Year = {2009}}

@inproceedings{DRS09,
	Author = {Yevgeniy Dodis and Thomas Ristenpart and Thomas Shrimpton},
	Title = {Salvaging {Merkle-Damg{\aa}rd} for Practical Applications},
	Year = {2009},
  bookTitle="Advances in Cryptology - EUROCRYPT 2009: 28th Annual International
    Conference on the Theory and Applications of Cryptographic Techniques,
  Cologne, Germany, April 26-30, 2009. Proceedings",
  publisher="Springer Berlin Heidelberg",
  pages="371--388",
}

@inproceedings{OSS,
	Author = {Onur {\"O}zen and Thomas Shrimpton and Martijn Stam},
	Booktitle = {Fast Software Encryption},
	Date-Added = {2014-11-06 21:46:36 +0000},
	Date-Modified = {2014-11-06 21:46:37 +0000},
	Pages = {94--115},
	Title = {Attacking the {Knudsen-Preneel} Compression Functions},
	Volume = {6147},
	Year = {2010}}

@article{BRSS10,
	Author = {Black, John and Rogaway, Phillip and Shrimpton, Thomas and Stam, Martijn},
	Date-Added = {2014-11-06 21:46:36 +0000},
	Date-Modified = {2014-11-06 22:25:11 +0000},
	Journal = {Journal of Cryptology},
	Number = {4},
	Pages = {519--545},
	Publisher = {Springer},
	Title = {An analysis of the blockcipher-based hash functions from {PGV}},
	Volume = {23},
	Year = {2010}}

@inproceedings{fischlin2010random,
	Author = {Fischlin, M. and Lehmann, A. and Ristenpart, T. and Shrimpton, T. and Stam, M. and Tessaro, S.},
	Booktitle = {Advances in Cryptology -- ASIACRYPT 2010},
	Date-Added = {2014-11-06 21:45:04 +0000},
	Date-Modified = {2014-11-09 04:57:55 +0000},
	Pages = {303--320},
	Publisher = {Springer Berlin Heidelberg},
	Title = {{Random oracles with(out) programmability}},
	Year = {2010}}

@inproceedings{RSS,
	Author = {Ristenpart, Thomas and Shacham, Hovav and Shrimpton, Thomas},
	Booktitle = {Advances in Cryptology--EUROCRYPT '11},
	Date-Added = {2014-11-06 21:46:36 +0000},
	Date-Modified = {2014-11-06 21:46:37 +0000},
	Editor = {Kenneth G. Paterson},
	Pages = {487--506},
	Series = {Lecture Notes in Computer Science},
	Title = {Careful with Composition: Limitations of the Indifferentiability Framework},
	Volume = {6632},
	Year = {2011}}

@inproceedings{dyer2012peek,
	Author = {Dyer, Kevin P and Coull, Scott E and Ristenpart, Thomas and Shrimpton, Thomas},
	Booktitle = {Security and Privacy (SP), 2012 IEEE Symposium on},
	Date-Added = {2014-11-09 04:47:30 +0000},
	Date-Modified = {2014-11-09 04:47:30 +0000},
	Organization = {IEEE},
	Pages = {332--346},
	Title = {Peek-a-boo, {I} still see you: Why efficient traffic analysis countermeasures fail},
	Year = {2012}}

@inproceedings{clrw,
	Author = {Landecker, Will and Shrimpton, Thomas and Terashima, R.},
	Booktitle = {Advances in Cryptology--CRYPTO '12},
	Date-Added = {2014-11-06 21:46:36 +0000},
	Date-Modified = {2014-11-06 21:46:37 +0000},
	Isbn = {978-3-642-32008-8},
	Pages = {14--30},
	Publisher = {Springer Berlin / Heidelberg},
	Series = {Lecture Notes in Computer Science},
	Title = {Tweakable Blockciphers with Beyond Birthday-Bound Security},
	Volume = {7417},
	Year = {2012}
}

@inproceedings{Dyer-2013,
	Author = {Dyer, Kevin P. and Coull, Scott E. and Ristenpart, Thomas and Shrimpton, Thomas},
	Booktitle = {Proceedings of the 2013 ACM SIGSAC Conference on Computer and Communications Security},
	Pages = {61--72},
	Publisher = {ACM},
	Title = {Protocol Misidentification Made Easy with Format-transforming Encryption},
	Year = {2013}}

@inproceedings{luchaup2014libfte,
	Author = {Luchaup, Daniel and Dyer, Kevin P. and Jha, Somesh and Ristenpart, Thomas and Shrimpton, Thomas},
	Booktitle = {Proceedings of the 23rd USENIX conference on Security Symposium},
	Organization = {USENIX Association},
	Pages = {877--891},
	Title = {{LibFTE}: {A} toolkit for constructing practical, format-abiding encryption schemes},
	Year = {2014}}

@inproceedings{luchaup2014formatted,
	Author = {Daniel Luchaup and Thomas Shrimpton and Thomas Ristenpart and Somesh Jha},
	Booktitle = {ACM Conference on Computer and Communications Security},
	Publisher = {ACM},
	Title = {Formatted Encryption Beyond Regular Languages},
	Year = {2014}
}

% TODO
@inproceedings{tct,
    author="Shrimpton, Thomas
      and Terashima, R. Seth",
    title="A Modular Framework for Building Variable-Input-Length Tweakable
      Ciphers",
    bookTitle="Advances in Cryptology - ASIACRYPT 2013: 19th International
      Conference on the Theory and Application of Cryptology and Information
      Security, Bengaluru, India, December 1-5, 2013, Proceedings, Part I",
    year="2013",
    publisher="Springer Berlin Heidelberg",
    pages="405--423",
}

@techreport{tls13,
  author = {Eric Rescorla},
  title = {The {T}ransport {L}ayer {S}ecurity {(TLS)} {P}rotocol Version 1.3},
  howpublished = {Working Draft},
  type = {Internet-Draft},
  number = {draft-ietf-tls-tls13-21},
  year = {2017},
  institution = {IETF Secretariat},
  url = {http://www.ietf.org/internet-drafts/draft-ietf-tls-tls13-21.txt},
  note = {\url{https://tools.ietf.org/html/draft-ietf-tls-tls13-21}},
}

@inproceedings{ABL+14,
  author="Andreeva, Elena
    and Bogdanov, Andrey
    and Luykx, Atul
    and Mennink, Bart
    and Mouha, Nicky
    and Yasuda, Kan",
  title="How to Securely Release Unverified Plaintext in Authenticated
    Encryption",
  bookTitle="Advances in Cryptology -- ASIACRYPT 2014: 20th International
    Conference on the Theory and Application of Cryptology and Information
    Security, Kaoshiung, Taiwan, R.O.C., December 7-11, 2014. Proceedings, Part
    I",
  year="2014",
  publisher="Springer Berlin Heidelberg",
  pages="105--125",
}

@misc{caesar,
  key={CAESAR},
  title={The {CAESAR} authenticated cipher competition},
  note={The homepage \url{https://competitions.cr.yp.to}, accessed 15 Nov 2017.}
}

@techreport{rfc5297,
  author = {D. Harkins},
  title = {Synthetic Initialization Vector ({SIV}) Authenticated Encryption
  Using the Advanced Encryption Standard (AES)},
  howpublished = {Internet Requests for Comments},
  type = {RFC},
  number = {5297},
  year = {2008},
  month = {October},
  issn = {2070-1721},
  publisher = {RFC Editor},
  institution = {RFC Editor},
  url = {http://www.rfc-editor.org/rfc/rfc5297.txt},
  note =
  {\url{http://www.rfc-editor.org/rfc/rfc5297.txt}},
}

@misc{libfte,
  key={FTE},
  title={LibFTE},
  note={Source code available at \url{https://github.com/kpdyer/libfte},
  accessed 15 Nov 2017.},
}

@misc{marionette,
  key={Marionette},
  title={The {Marionette} traffic obfuscation system},
  note={Project hosted at \url{https://github.com/marionette-tg},
    accessed 15 Nov 2017.},
}
